@article{grammar_2014,
author = {Oriol Vinyals and               Lukasz Kaiser and               Terry Koo and               Slav Petrov and               Ilya Sutskever and               Geoffrey E. Hinton},
title = {Grammar as a Foreign Language},
journal = {CoRR},
volume = {abs/1412.7449},
year = {2014},
url = {http://arxiv.org/abs/1412.7449},
timestamp = {Thu, 01 Jan 2015 19:51:08 +0100},
biburl = {http://dblp.uni-trier.de/rec/bib/journals/corr/VinyalsKKPSH14},
bibsource = {dblp computer science bibliography, http://dblp.org},
}
@article{pads_2008,
author = {Fisher, Kathleen and Walker, David and Zhu, Kenny Q. and White, Peter},
title = {From Dirt to Shovels: Fully Automatic Tool Generation from Ad Hoc Data},
journal = {SIGPLAN Not.},
issue_date = {January 2008},
volume = {43},
number = {1},
month = {jan},
year = {2008},
issn = {0362-1340},
pages = {421--434},
numpages = {14},
url = {http://doi.acm.org/10.1145/1328897.1328488},
doi = {10.1145/1328897.1328488},
acmid = {1328488},
publisher = {ACM},
address = {New York, NY, USA},
keywords = {ad hoc data, data description languages, grammar induction, tool generation},
}
