@article{grammar_2014,
  author    = {Oriol Vinyals and
               Lukasz Kaiser and
               Terry Koo and
               Slav Petrov and
               Ilya Sutskever and
               Geoffrey E. Hinton},
  title     = {Grammar as a Foreign Language},
  journal   = {CoRR},
  volume    = {abs/1412.7449},
  year      = {2014},
  url       = {http://arxiv.org/abs/1412.7449},
  timestamp = {Thu, 01 Jan 2015 19:51:08 +0100},
  biburl    = {http://dblp.uni-trier.de/rec/bib/journals/corr/VinyalsKKPSH14},
  bibsource = {dblp computer science bibliography, http://dblp.org}
}

@article{lstm_1997,
  author = { Sepp Hochreiter  and  JÃŒrgen Schmidhuber },
  title = {Long Short-Term Memory},
  journal = {Neural Computation},
  volume = {9},
  number = {8},
  pages = {1735-1780},
  year = {1997},
  doi = {10.1162/neco.1997.9.8.1735},
  URL = { http://dx.doi.org/10.1162/neco.1997.9.8.1735 },
  eprint = { http://dx.doi.org/10.1162/neco.1997.9.8.1735 }
}
@article{ntran_2013,
  author    = {Karl Moritz Hermann and
               Phil Blunsom},
  title     = {A Simple Model for Learning Multilingual Compositional Semantics},
  journal   = {Proceedings of the Second International Conference on Learning Representations (ICLR 2014)},
  year      = {2014},
}
@InProceedings{ntran_2014,
  author    = {Cho, Kyunghyun  and  van Merrienboer, Bart  and  Gulcehre, Caglar  and  Bahdanau, Dzmitry  and  Bougares, Fethi  and  Schwenk, Holger  and  Bengio, Yoshua},
  title     = {Learning Phrase Representations using RNN Encoder--Decoder for Statistical Machine Translation},
  booktitle = {Proceedings of the 2014 Conference on Empirical Methods in Natural Language Processing (EMNLP)},
  month     = {October},
  year      = {2014},
  address   = {Doha, Qatar},
  publisher = {Association for Computational Linguistics},
  pages     = {1724--1734},
  url       = {http://www.aclweb.org/anthology/D14-1179}
}

@inproceedings{icap_2015,
  author    = {Andrej Karpathy and
               Fei{-}Fei Li},
  title     = {Deep visual-semantic alignments for generating image descriptions},
  booktitle = {{IEEE} Conference on Computer Vision and Pattern Recognition, {CVPR}
               2015, Boston, MA, USA, June 7-12, 2015},
  pages     = {3128--3137},
  year      = {2015},
  url       = {https://doi.org/10.1109/CVPR.2015.7298932},
  doi       = {10.1109/CVPR.2015.7298932},
  timestamp = {Thu, 25 May 2017 00:41:12 +0200},
  biburl    = {http://dblp.uni-trier.de/rec/bib/conf/cvpr/KarpathyL15},
  bibsource = {dblp computer science bibliography, http://dblp.org}
}

@inproceedings{dirt_2008,
 author = {Fisher, Kathleen and Walker, David and Zhu, Kenny Q. and White, Peter},
 title = {From Dirt to Shovels: Fully Automatic Tool Generation from Ad Hoc Data},
 booktitle = {Proceedings of the 35th Annual ACM SIGPLAN-SIGACT Symposium on Principles of Programming Languages},
 series = {POPL '08},
 year = {2008},
 isbn = {978-1-59593-689-9},
 location = {San Francisco, California, USA},
 pages = {421--434},
 numpages = {14},
 url = {http://doi.acm.org/10.1145/1328438.1328488},
 doi = {10.1145/1328438.1328488},
 acmid = {1328488},
 publisher = {ACM},
 address = {New York, NY, USA},
 keywords = {ad hoc data, data description languages, grammar induction, tool generation},
} 
